<?xml version="1.0" encoding="UTF-8"?><collection xmlns="http://www.loc.gov/MARC21/slim"><record><leader>00521nam--2200121-i-4500</leader><controlfield tag="001">000010317</controlfield><controlfield tag="002">20161230</controlfield><controlfield tag="005">20161230201028</controlfield><controlfield tag="008">060222s1000------------r-----000-0-eng-d</controlfield><datafield ind1=" " ind2=" " tag="080"><subfield code="a">017:62</subfield></datafield><datafield ind1=" " ind2=" " tag="245"><subfield code="a">Catalog de fise tehnice ale produselor asimila te in fabricatia curenta. grupa principala 331 masini-unelte de prelucrat metale prin aschier e si prin alte procedee de desprindere a metal ului, masini de echilibrat, linii automate  si centre de prelucr</subfield></datafield><datafield ind1=" " ind2=" " tag="260"><subfield code="a">Bucuresti, Odpt, 1972. 242 + 11 P(Supl.)</subfield></datafield><datafield ind1=" " ind2=" " tag="852"><subfield code="a">D.2092</subfield></datafield></record></collection>